{
  "milk": [
    {
        "Date": "8/1/2012", 
        "Revenue": 2326729.16005066, 
        "Cost": 366772.572 
    },
    {
        "Date": "8/2/2012", 
        "Revenue": 1541608.824, 
        "Cost": 275835.12 
    },
    {
        "Date": "8/3/2012", 
        "Revenue": 1813023.065, 
        "Cost": 284749.985 
    },
    {
        "Date": "8/4/2012", 
        "Revenue": 1692527.902, 
        "Cost": 326844.8235 
    },
    {
        "Date": "8/5/2012", 
        "Revenue": 1664095.355, 
        "Cost": 236531.045 
    },
    {
        "Date": "8/6/2012", 
        "Revenue": 1868588.15879335, 
        "Cost": 339245.605 
    },
    {
        "Date": "8/7/2012", 
        "Revenue": 1675621.35, 
        "Cost": 308628.315 
    },
    {
        "Date": "8/8/2012", 
        "Revenue": 1569014.14, 
        "Cost": 326940.145 
    },
    {
        "Date": "8/9/2012", 
        "Revenue": 2964047.35430617, 
        "Cost": 506729.845 
    },
    {
        "Date": "8/10/2012", 
        "Revenue": 3132345.20373985, 
        "Cost": 555539.2025 
    },
    {
        "Date": "8/11/2012", 
        "Revenue": 2053611.5, 
        "Cost": 332014.78 
    },
    {
        "Date": "8/12/2012", 
        "Revenue": 2772254.16612345, 
        "Cost": 441632.035 
    },
    {
        "Date": "8/13/2012", 
        "Revenue": 1948404.355, 
        "Cost": 333591.475 
    },
    {
        "Date": "8/14/2012", 
        "Revenue": 2464414.11614425, 
        "Cost": 703518.915 
    },
    {
        "Date": "8/15/2012", 
        "Revenue": 2085601.645, 
        "Cost": 386275.585 
    },
    {
        "Date": "8/16/2012", 
        "Revenue": 1903361.1, 
        "Cost": 332584.12 
    },
    {
        "Date": "8/17/2012", 
        "Revenue": 2787758.855, 
        "Cost": 378100.855 
    },
    {
        "Date": "8/18/2012", 
        "Revenue": 1379235.86, 
        "Cost": 232490.555 
    },
    {
        "Date": "8/19/2012", 
        "Revenue": 2911558.295, 
        "Cost": 414992.585 
    },
    {
        "Date": "8/20/2012", 
        "Revenue": 2312244.7329489, 
        "Cost": 365216.48 
    },
    {
        "Date": "8/21/2012", 
        "Revenue": 2287121.03, 
        "Cost": 354012.615 
    },
    {
        "Date": "8/22/2012", 
        "Revenue": 2164823.955, 
        "Cost": 318761.895 
    },
    {
        "Date": "8/23/2012", 
        "Revenue": 2437964.74, 
        "Cost": 420897.89 
    },
    {
        "Date": "8/24/2012", 
        "Revenue": 1642895.08, 
        "Cost": 304927.335 
    },
    {
        "Date": "8/25/2012", 
        "Revenue": 2763237.56, 
        "Cost": 256871.42 
    },
    {
        "Date": "8/26/2012", 
        "Revenue": 1788726.705, 
        "Cost": 312979.78 
    },
    {
        "Date": "8/27/2012", 
        "Revenue": 1946034.495, 
        "Cost": 337447.14 
    },
    {
        "Date": "8/28/2012", 
        "Revenue": 2079956.985, 
        "Cost": 339620.445 
    },
    {
        "Date": "8/29/2012", 
        "Revenue": 2739916.615, 
        "Cost": 470112.425 
    },
    {
        "Date": "8/30/2012", 
        "Revenue": 3314169.395, 
        "Cost": 591858.88 
    },
    {
        "Date": "8/31/2012", 
        "Revenue": 2689118.24609958, 
        "Cost": 409181.73 
    },
    {
        "Date": "9/1/2012", 
        "Revenue": 1767584.765, 
        "Cost": 307484.35 
    },
    {
        "Date": "9/2/2012", 
        "Revenue": 3330999.68865236, 
        "Cost": 526619.59 
    },
    {
        "Date": "9/3/2012", 
        "Revenue": 2499376.43, 
        "Cost": 413393.54 
    },
    {
        "Date": "9/4/2012", 
        "Revenue": 1502585.005, 
        "Cost": 286817.055 
    },
    {
        "Date": "9/5/2012", 
        "Revenue": 2906868.53670336, 
        "Cost": 302260.385 
    },
    {
        "Date": "9/6/2012", 
        "Revenue": 1858397.495, 
        "Cost": 325590.49 
    },
    {
        "Date": "9/7/2012", 
        "Revenue": 2336691.37, 
        "Cost": 365610.335 
    },
    {
        "Date": "9/8/2012", 
        "Revenue": 2220575.39, 
        "Cost": 375246.915 
    },
    {
        "Date": "9/9/2012", 
        "Revenue": 3291618.895, 
        "Cost": 554178.555 
    },
    {
        "Date": "9/10/2012", 
        "Revenue": 2111873.1, 
        "Cost": 367306.53 
    },
    {
        "Date": "9/11/2012", 
        "Revenue": 3722294.335, 
        "Cost": 646855.465 
    },
    {
        "Date": "9/12/2012", 
        "Revenue": 2171350.8, 
        "Cost": 335387.515 
    },
    {
        "Date": "9/13/2012", 
        "Revenue": 2338275.21824434, 
        "Cost": 412848.595 
    },
    {
        "Date": "9/14/2012", 
        "Revenue": 2128465.28705864, 
        "Cost": 406231.13 
    },
    {
        "Date": "9/15/2012", 
        "Revenue": 2772262.615, 
        "Cost": 442522.87 
    },
    {
        "Date": "9/16/2012", 
        "Revenue": 3227788.8353809, 
        "Cost": 458616.505 
    },
    {
        "Date": "9/17/2012", 
        "Revenue": 3003956.51, 
        "Cost": 505980.77 
    },
    {
        "Date": "9/18/2012", 
        "Revenue": 2168878.66, 
        "Cost": 447996.94 
    },
    {
        "Date": "9/19/2012", 
        "Revenue": 3426513.915, 
        "Cost": 383871.18 
    },
    {
        "Date": "9/20/2012", 
        "Revenue": 3020488.225, 
        "Cost": 545844.655 
    },
    {
        "Date": "9/21/2012", 
        "Revenue": 2887238.39, 
        "Cost": 495443.2 
    },
    {
        "Date": "9/22/2012", 
        "Revenue": 2009656.60840166, 
        "Cost": 346483.86 
    },
    {
        "Date": "9/23/2012", 
        "Revenue": 2401933.18, 
        "Cost": 457661.43 
    },
    {
        "Date": "9/24/2012", 
        "Revenue": 3150541.95, 
        "Cost": 379670.075 
    },
    {
        "Date": "9/25/2012", 
        "Revenue": 2933816.15, 
        "Cost": 112272.67 
    },
    {
        "Date": "9/26/2012", 
        "Revenue": 2735288.725, 
        "Cost": 430777.66 
    },
    {
        "Date": "9/27/2012", 
        "Revenue": 1891095.495, 
        "Cost": 323496.4 
    },
    {
        "Date": "9/28/2012", 
        "Revenue": 2757463.15, 
        "Cost": 427664.075 
    },
    {
        "Date": "9/29/2012", 
        "Revenue": 2453548.57080898, 
        "Cost": 345521.47 
    },
    {
        "Date": "9/30/2012", 
        "Revenue": 3229977.37, 
        "Cost": 503539.61 
    },
    {
        "Date": "10/1/2012", 
        "Revenue": 3025180.3, 
        "Cost": 438365.09 
    },
    {
        "Date": "10/2/2012", 
        "Revenue": 2552332.605, 
        "Cost": 341546.4 
    },
    {
        "Date": "10/3/2012", 
        "Revenue": 3139193.74, 
        "Cost": 518866.54 
    },
    {
        "Date": "10/4/2012", 
        "Revenue": 2167010.84, 
        "Cost": 297479.97 
    },
    {
        "Date": "10/5/2012", 
        "Revenue": 3283594.86, 
        "Cost": 557126.935 
    },
    {
        "Date": "10/6/2012", 
        "Revenue": 2297760.775, 
        "Cost": 304027.38 
    },
    {
        "Date": "10/7/2012", 
        "Revenue": 2122419.94, 
        "Cost": 359348.78 
    },
    {
        "Date": "10/8/2012", 
        "Revenue": 1458040.125, 
        "Cost": 216148.45 
    },
    {
        "Date": "10/9/2012", 
        "Revenue": 2094223.86, 
        "Cost": 362731.625 
    },
    {
        "Date": "10/10/2012", 
        "Revenue": 2306731.385, 
        "Cost": 385326.4 
    },
    {
        "Date": "10/11/2012", 
        "Revenue": 2147866.56716826, 
        "Cost": 327199.245 
    },
    {
        "Date": "10/12/2012", 
        "Revenue": 2039657.64935841, 
        "Cost": 376766.455 
    },
    {
        "Date": "10/13/2012", 
        "Revenue": 3306338.17, 
        "Cost": 500311.695 
    },
    {
        "Date": "10/14/2012", 
        "Revenue": 4010498.106, 
        "Cost": 683864.142 
    },
    {
        "Date": "10/15/2012", 
        "Revenue": 3630714.577, 
        "Cost": 647660.349 
    },
    {
        "Date": "10/16/2012", 
        "Revenue": 4042433.29191196, 
        "Cost": 535796.0325 
    },
    {
        "Date": "10/17/2012", 
        "Revenue": 3442541.264, 
        "Cost": 570511.656 
    },
    {
        "Date": "10/18/2012", 
        "Revenue": 3252638.12324153, 
        "Cost": 544959.01 
    },
    {
        "Date": "10/19/2012", 
        "Revenue": 2836081.935, 
        "Cost": 447823.4535 
    },
    {
        "Date": "10/20/2012", 
        "Revenue": 2682572.34, 
        "Cost": 441482.888 
    },
    {
        "Date": "10/21/2012", 
        "Revenue": 3402012.04, 
        "Cost": 630587.26 
    },
    {
        "Date": "10/22/2012", 
        "Revenue": 2104439.88, 
        "Cost": 327423.205 
    },
    {
        "Date": "10/23/2012", 
        "Revenue": 3476750.725, 
        "Cost": 591530.66 
    },
    {
        "Date": "10/24/2012", 
        "Revenue": 2678203.675, 
        "Cost": 452237.715 
    },
    {
        "Date": "10/25/2012", 
        "Revenue": 3801954.915, 
        "Cost": 645639.344166667 
    },
    {
        "Date": "10/26/2012", 
        "Revenue": 1847547.84438287, 
        "Cost": 322825.34 
    },
    {
        "Date": "10/27/2012", 
        "Revenue": 2316828.935, 
        "Cost": 316190.04 
    },
    {
        "Date": "10/28/2012", 
        "Revenue": 3524038.51659233, 
        "Cost": 617234.085 
    },
    {
        "Date": "10/29/2012", 
        "Revenue": 2237142.24, 
        "Cost": 389655.645 
    },
    {
        "Date": "10/30/2012", 
        "Revenue": 3056361.14, 
        "Cost": 504017.23 
    },
    {
        "Date": "10/31/2012", 
        "Revenue": 2912813.995, 
        "Cost": 446377.265 
    },
    {
        "Date": "11/1/2012", 
        "Revenue": 2795182.025, 
        "Cost": 473808.685 
    },
    {
        "Date": "11/2/2012", 
        "Revenue": 2389422.19092656, 
        "Cost": 385256.43 
    },
    {
        "Date": "11/3/2012", 
        "Revenue": 1939314.75898714, 
        "Cost": 325923.9 
    },
    {
        "Date": "11/4/2012", 
        "Revenue": 1685345.425, 
        "Cost": 285780.185 
    },
    {
        "Date": "11/5/2012", 
        "Revenue": 2759833.485, 
        "Cost": 465231.315 
    },
    {
        "Date": "11/6/2012", 
        "Revenue": 1838964.93, 
        "Cost": 310923.055 
    },
    {
        "Date": "11/7/2012", 
        "Revenue": 4029650.77, 
        "Cost": 673212.595 
    },
    {
        "Date": "11/8/2012", 
        "Revenue": 2073740.945, 
        "Cost": 359594.015 
    },
    {
        "Date": "11/9/2012", 
        "Revenue": 3226010.2765125, 
        "Cost": 452107.68 
    },
    {
        "Date": "11/10/2012", 
        "Revenue": 3001669.46, 
        "Cost": 518598.03 
    },
    {
        "Date": "11/11/2012", 
        "Revenue": 1980014.95, 
        "Cost": 331581.18 
    },
    {
        "Date": "11/12/2012", 
        "Revenue": 2524177.145, 
        "Cost": 224326.18 
    },
    {
        "Date": "11/13/2012", 
        "Revenue": 3050720.385, 
        "Cost": 476253.065 
    },
    {
        "Date": "11/14/2012", 
        "Revenue": 2829843.6, 
        "Cost": 482315.64 
    },
    {
        "Date": "11/15/2012", 
        "Revenue": 2879186.61484001, 
        "Cost": 429736.09 
    },
    {
        "Date": "11/16/2012", 
        "Revenue": 3184697.33274262, 
        "Cost": 399847.285 
    },
    {
        "Date": "11/17/2012", 
        "Revenue": 2207336.235, 
        "Cost": 375534.95 
    },
    {
        "Date": "11/18/2012", 
        "Revenue": 3101131.78, 
        "Cost": 506349.675 
    },
    {
        "Date": "11/19/2012", 
        "Revenue": 3133779.408, 
        "Cost": 550212.96 
    },
    {
        "Date": "11/20/2012", 
        "Revenue": 3923739.625, 
        "Cost": 670901.025 
    },
    {
        "Date": "11/21/2012", 
        "Revenue": 3140820.34825067, 
        "Cost": 501128.334 
    },
    {
        "Date": "11/22/2012", 
        "Revenue": 4081772.10460006, 
        "Cost": 716424.72 
    },
    {
        "Date": "11/23/2012", 
        "Revenue": 3868462.575, 
        "Cost": 606207.91 
    },
    {
        "Date": "11/24/2012", 
        "Revenue": 3524002.053, 
        "Cost": 421596.261 
    },
    {
        "Date": "11/25/2012", 
        "Revenue": 3209241.675, 
        "Cost": 499584.76 
    },
    {
        "Date": "11/26/2012", 
        "Revenue": 2803227.43, 
        "Cost": 784594.17 
    },
    {
        "Date": "11/27/2012", 
        "Revenue": 3103175.68353762, 
        "Cost": 540850.218 
    },
    {
        "Date": "11/28/2012", 
        "Revenue": 3350463.62388175, 
        "Cost": 524302.335 
    },
    {
        "Date": "11/29/2012", 
        "Revenue": 2619978.11544573, 
        "Cost": 467570.175 
    },
    {
        "Date": "11/30/2012", 
        "Revenue": 3787360.95487222, 
        "Cost": 654121.25 
    },
    {
        "Date": "12/1/2012", 
        "Revenue": 2596478.46, 
        "Cost": 480713.545 
    },
    {
        "Date": "12/2/2012", 
        "Revenue": 2141963.91, 
        "Cost": 405117.99 
    },
    {
        "Date": "12/3/2012", 
        "Revenue": 3320417.755, 
        "Cost": 559882.815 
    },
    {
        "Date": "12/4/2012", 
        "Revenue": 2551857.515, 
        "Cost": 560681.465 
    },
    {
        "Date": "12/5/2012", 
        "Revenue": 2353866.3491584, 
        "Cost": 278076.56 
    },
    {
        "Date": "12/6/2012", 
        "Revenue": 3750435.2, 
        "Cost": 603573.075 
    },
    {
        "Date": "12/7/2012", 
        "Revenue": 4875817.92467585, 
        "Cost": 809214.955 
    },
    {
        "Date": "12/8/2012", 
        "Revenue": 2715262.06, 
        "Cost": 462931.57 
    },
    {
        "Date": "12/9/2012", 
        "Revenue": 5450342.65920073, 
        "Cost": 962410.315 
    },
    {
        "Date": "12/10/2012", 
        "Revenue": 4137529.05147617, 
        "Cost": 813693.315 
    },
    {
        "Date": "12/11/2012", 
        "Revenue": 3683431.005, 
        "Cost": 585790.641 
    },
    {
        "Date": "12/12/2012", 
        "Revenue": 3199545.585, 
        "Cost": 562587.06 
    },
    {
        "Date": "12/13/2012", 
        "Revenue": 2495236.614, 
        "Cost": 406705.9945 
    },
    {
        "Date": "12/14/2012", 
        "Revenue": 3025067.07098664, 
        "Cost": 518021.933 
    },
    {
        "Date": "12/15/2012", 
        "Revenue": 3709541.966, 
        "Cost": 681104.3915 
    },
    {
        "Date": "12/16/2012", 
        "Revenue": 4436759.15777751, 
        "Cost": 726249.251 
    },
    {
        "Date": "12/17/2012", 
        "Revenue": 3340368.7005, 
        "Cost": 602304.703 
    },
    {
        "Date": "12/18/2012", 
        "Revenue": 4523547.71444657, 
        "Cost": 766158.25 
    },
    {
        "Date": "12/19/2012", 
        "Revenue": 2598953.34336429, 
        "Cost": 454531.0705 
    },
    {
        "Date": "12/20/2012", 
        "Revenue": 2784207.65540919, 
        "Cost": 440651.7895 
    },
    {
        "Date": "12/21/2012", 
        "Revenue": 4935443.7925, 
        "Cost": 839335.0875 
    },
    {
        "Date": "12/22/2012", 
        "Revenue": 2351452.9805, 
        "Cost": 348700.144 
    },
    {
        "Date": "12/23/2012", 
        "Revenue": 2389202.283, 
        "Cost": 364298.4475 
    },
    {
        "Date": "12/24/2012", 
        "Revenue": 2526567.4655, 
        "Cost": 442957.047 
    },
    {
        "Date": "12/25/2012", 
        "Revenue": 4992077.4605, 
        "Cost": 825631.82 
    },
    {
        "Date": "12/26/2012", 
        "Revenue": 2642847.69879874, 
        "Cost": 443445.405 
    },
    {
        "Date": "12/27/2012", 
        "Revenue": 4553299.2245, 
        "Cost": 794032.6225 
    },
    {
        "Date": "12/28/2012", 
        "Revenue": 2884613.732, 
        "Cost": 418748.33 
    },
    {
        "Date": "12/29/2012", 
        "Revenue": 3682139.01563249, 
        "Cost": 524396.2295 
    },
    {
        "Date": "12/30/2012", 
        "Revenue": 3187569.9375, 
        "Cost": 472863.976 
    },
    {
        "Date": "12/31/2012", 
        "Revenue": 2046946.00408699, 
        "Cost": 344135.4995 
    },
    {
        "Date": "1/1/2013", 
        "Revenue": 3230392.932, 
        "Cost": 467099.594 
    },
    {
        "Date": "1/2/2013", 
        "Revenue": 1733524.08, 
        "Cost": 274320.01 
    },
    {
        "Date": "1/3/2013", 
        "Revenue": 2235093.22603004, 
        "Cost": 245418.05 
    },
    {
        "Date": "1/4/2013", 
        "Revenue": 4251657.04, 
        "Cost": 739441.86 
    },
    {
        "Date": "1/5/2013", 
        "Revenue": 3702039.7007113, 
        "Cost": 637474.96 
    },
    {
        "Date": "1/6/2013", 
        "Revenue": 3688478.71, 
        "Cost": 639441.19 
    },
    {
        "Date": "1/7/2013", 
        "Revenue": 3405105.20883591, 
        "Cost": 555841.326666667 
    },
    {
        "Date": "1/8/2013", 
        "Revenue": 4459242.84574778, 
        "Cost": 748885.11 
    },
    {
        "Date": "1/9/2013", 
        "Revenue": 3189469, 
        "Cost": 568303.033333333 
    },
    {
        "Date": "1/10/2013", 
        "Revenue": 3004443.98688375, 
        "Cost": 560890.43 
    },
    {
        "Date": "1/11/2013", 
        "Revenue": 3261614.58, 
        "Cost": 593218.94 
    },
    {
        "Date": "1/12/2013", 
        "Revenue": 1627247.58, 
        "Cost": 294285.82 
    },
    {
        "Date": "1/13/2013", 
        "Revenue": 2827585.26, 
        "Cost": 442775.97 
    },
    {
        "Date": "1/14/2013", 
        "Revenue": 3859025.81827635, 
        "Cost": 741556.42 
    },
    {
        "Date": "1/15/2013", 
        "Revenue": 2913261.90306813, 
        "Cost": 505148.14 
    },
    {
        "Date": "1/16/2013", 
        "Revenue": 2579521.23, 
        "Cost": 448971.56 
    },
    {
        "Date": "1/17/2013", 
        "Revenue": 2790051.69017979, 
        "Cost": 484084.195 
    },
    {
        "Date": "1/18/2013", 
        "Revenue": 4086600.69, 
        "Cost": 638571.55 
    },
    {
        "Date": "1/19/2013", 
        "Revenue": 2110458.11, 
        "Cost": 386800.87 
    },
    {
        "Date": "1/20/2013", 
        "Revenue": 2433151.71, 
        "Cost": 417100.33 
    },
    {
        "Date": "1/21/2013", 
        "Revenue": 2090113.5, 
        "Cost": 327636.99 
    },
    {
        "Date": "1/22/2013", 
        "Revenue": 4517613.98856498, 
        "Cost": 732591.59 
    },
    {
        "Date": "1/23/2013", 
        "Revenue": 4271883.45, 
        "Cost": 684669.12 
    },
    {
        "Date": "1/24/2013", 
        "Revenue": 3686606.47613333, 
        "Cost": 668240.691666666 
    },
    {
        "Date": "1/25/2013", 
        "Revenue": 3560786.33139337, 
        "Cost": 586957.83 
    },
    {
        "Date": "1/26/2013", 
        "Revenue": 2528786.49, 
        "Cost": 456514.62 
    },
    {
        "Date": "1/27/2013", 
        "Revenue": 3524081.4, 
        "Cost": 629166.48 
    },
    {
        "Date": "1/28/2013", 
        "Revenue": 5170509.24455703, 
        "Cost": 815050.16 
    },
    {
        "Date": "1/29/2013", 
        "Revenue": 2569348.04, 
        "Cost": 459725.2 
    },
    {
        "Date": "1/30/2013", 
        "Revenue": 3626046.13, 
        "Cost": 569499.97 
    },
    {
        "Date": "1/31/2013", 
        "Revenue": 2603889.08, 
        "Cost": 502838.19 
    },
    {
        "Date": "2/1/2013", 
        "Revenue": 3328190.71, 
        "Cost": 473062.09 
    },
    {
        "Date": "2/2/2013", 
        "Revenue": 3737176.3175867, 
        "Cost": 678491.21 
    },
    {
        "Date": "2/3/2013", 
        "Revenue": 3351242.7, 
        "Cost": 617256.63 
    },
    {
        "Date": "2/4/2013", 
        "Revenue": 3138028.28, 
        "Cost": 653880.29 
    },
    {
        "Date": "2/5/2013", 
        "Revenue": 5928094.70861234, 
        "Cost": 1013459.69 
    },
    {
        "Date": "2/6/2013", 
        "Revenue": 6264690.40747969, 
        "Cost": 1111078.405 
    },
    {
        "Date": "2/7/2013", 
        "Revenue": 4107223, 
        "Cost": 664029.56 
    },
    {
        "Date": "2/8/2013", 
        "Revenue": 5544508.33224689, 
        "Cost": 883264.07 
    },
    {
        "Date": "2/9/2013", 
        "Revenue": 3896808.71, 
        "Cost": 667182.95 
    },
    {
        "Date": "2/10/2013", 
        "Revenue": 4928828.2322885, 
        "Cost": 1407037.83 
    },
    {
        "Date": "2/11/2013", 
        "Revenue": 4171203.29, 
        "Cost": 772551.17 
    },
    {
        "Date": "2/12/2013", 
        "Revenue": 3806722.2, 
        "Cost": 665168.24 
    },
    {
        "Date": "2/13/2013", 
        "Revenue": 5575517.71, 
        "Cost": 756201.71 
    },
    {
        "Date": "2/14/2013", 
        "Revenue": 2758471.72, 
        "Cost": 464981.11 
    },
    {
        "Date": "2/15/2013", 
        "Revenue": 5823116.59, 
        "Cost": 829985.17 
    },
    {
        "Date": "2/16/2013", 
        "Revenue": 4624489.4658978, 
        "Cost": 730432.96 
    },
    {
        "Date": "2/17/2013", 
        "Revenue": 4574242.06, 
        "Cost": 708025.23 
    },
    {
        "Date": "2/18/2013", 
        "Revenue": 4329647.91, 
        "Cost": 637523.79 
    },
    {
        "Date": "2/19/2013", 
        "Revenue": 4875929.48, 
        "Cost": 841795.78 
    },
    {
        "Date": "2/20/2013", 
        "Revenue": 3285790.16, 
        "Cost": 609854.67 
    },
    {
        "Date": "2/21/2013", 
        "Revenue": 5526475.12, 
        "Cost": 513742.84 
    },
    {
        "Date": "2/22/2013", 
        "Revenue": 3577453.41, 
        "Cost": 625959.56 
    },
    {
        "Date": "2/23/2013", 
        "Revenue": 3892068.99, 
        "Cost": 674894.28 
    },
    {
        "Date": "2/24/2013", 
        "Revenue": 4159913.97, 
        "Cost": 679240.89 
    },
    {
        "Date": "2/25/2013", 
        "Revenue": 5479833.23, 
        "Cost": 940224.85 
    },
    {
        "Date": "2/26/2013", 
        "Revenue": 6628338.79, 
        "Cost": 1183717.76 
    },
    {
        "Date": "2/27/2013", 
        "Revenue": 5378236.49219916, 
        "Cost": 818363.46 
    },
    {
        "Date": "2/28/2013", 
        "Revenue": 3535169.53, 
        "Cost": 614968.7 
    },
    {
        "Date": "3/1/2013", 
        "Revenue": 6661999.37730473, 
        "Cost": 1053239.18 
    },
    {
        "Date": "3/2/2013", 
        "Revenue": 4998752.86, 
        "Cost": 826787.08 
    },
    {
        "Date": "3/3/2013", 
        "Revenue": 3005170.01, 
        "Cost": 573634.11 
    },
    {
        "Date": "3/4/2013", 
        "Revenue": 5813737.07340673, 
        "Cost": 604520.77 
    },
    {
        "Date": "3/5/2013", 
        "Revenue": 3716794.99, 
        "Cost": 651180.98 
    },
    {
        "Date": "3/6/2013", 
        "Revenue": 4673382.74, 
        "Cost": 731220.67 
    },
    {
        "Date": "3/7/2013", 
        "Revenue": 4441150.78, 
        "Cost": 750493.83 
    },
    {
        "Date": "3/8/2013", 
        "Revenue": 6583237.79, 
        "Cost": 1108357.11 
    },
    {
        "Date": "3/9/2013", 
        "Revenue": 4223746.2, 
        "Cost": 734613.06 
    },
    {
        "Date": "3/10/2013", 
        "Revenue": 7444588.67, 
        "Cost": 1293710.93 
    },
    {
        "Date": "3/11/2013", 
        "Revenue": 4342701.6, 
        "Cost": 670775.03 
    },
    {
        "Date": "3/12/2013", 
        "Revenue": 4676550.43648869, 
        "Cost": 825697.19 
    },
    {
        "Date": "3/13/2013", 
        "Revenue": 4256930.57411729, 
        "Cost": 812462.26 
    },
    {
        "Date": "3/14/2013", 
        "Revenue": 5544525.23, 
        "Cost": 885045.74 
    },
    {
        "Date": "3/15/2013", 
        "Revenue": 6455577.6707618, 
        "Cost": 917233.01 
    },
    {
        "Date": "3/16/2013", 
        "Revenue": 6007913.02, 
        "Cost": 1011961.54 
    },
    {
        "Date": "3/17/2013", 
        "Revenue": 4337757.32, 
        "Cost": 895993.88 
    },
    {
        "Date": "3/18/2013", 
        "Revenue": 6853027.83, 
        "Cost": 767742.36 
    },
    {
        "Date": "3/19/2013", 
        "Revenue": 6040976.45, 
        "Cost": 1091689.31 
    },
    {
        "Date": "3/20/2013", 
        "Revenue": 5774476.78, 
        "Cost": 990886.4 
    },
    {
        "Date": "3/21/2013", 
        "Revenue": 4019313.21680332, 
        "Cost": 692967.72 
    },
    {
        "Date": "3/22/2013", 
        "Revenue": 4803866.36, 
        "Cost": 915322.86 
    },
    {
        "Date": "3/23/2013", 
        "Revenue": 6301083.9, 
        "Cost": 759340.15 
    },
    {
        "Date": "3/24/2013", 
        "Revenue": 5867632.3, 
        "Cost": 424545.34 
    },
    {
        "Date": "3/25/2013", 
        "Revenue": 5470577.45, 
        "Cost": 861555.32 
    },
    {
        "Date": "3/26/2013", 
        "Revenue": 3782190.99, 
        "Cost": 646992.8 
    },
    {
        "Date": "3/27/2013", 
        "Revenue": 5514926.3, 
        "Cost": 855328.15 
    },
    {
        "Date": "3/28/2013", 
        "Revenue": 4907097.14161797, 
        "Cost": 691042.94 
    },
    {
        "Date": "3/29/2013", 
        "Revenue": 6459954.74, 
        "Cost": 1007079.22 
    },
    {
        "Date": "3/30/2013", 
        "Revenue": 6050360.6, 
        "Cost": 876730.18 
    },
    {
        "Date": "3/31/2013", 
        "Revenue": 5104665.21, 
        "Cost": 683092.8 
    },
    {
        "Date": "4/1/2013", 
        "Revenue": 6278387.48, 
        "Cost": 1037733.08 
    },
    {
        "Date": "4/2/2013", 
        "Revenue": 4334021.68, 
        "Cost": 594959.94 
    },
    {
        "Date": "4/3/2013", 
        "Revenue": 6567189.72, 
        "Cost": 1114253.87 
    },
    {
        "Date": "4/4/2013", 
        "Revenue": 4595521.55, 
        "Cost": 608054.76 
    },
    {
        "Date": "4/5/2013", 
        "Revenue": 4244839.88, 
        "Cost": 718697.56 
    },
    {
        "Date": "4/6/2013", 
        "Revenue": 2916080.25, 
        "Cost": 432296.9 
    },
    {
        "Date": "4/7/2013", 
        "Revenue": 4188447.72, 
        "Cost": 725463.25 
    },
    {
        "Date": "4/8/2013", 
        "Revenue": 4613462.77, 
        "Cost": 770652.8 
    },
    {
        "Date": "4/9/2013", 
        "Revenue": 4295733.13433651, 
        "Cost": 654398.49 
    },
    {
        "Date": "4/10/2013", 
        "Revenue": 4079315.29871682, 
        "Cost": 753532.91 
    },
    {
        "Date": "4/11/2013", 
        "Revenue": 6612676.34, 
        "Cost": 1000623.39 
    },
    {
        "Date": "4/12/2013", 
        "Revenue": 6684163.51, 
        "Cost": 1139773.57 
    },
    {
        "Date": "4/13/2013", 
        "Revenue": 5186735.11, 
        "Cost": 925229.07 
    },
    {
        "Date": "4/14/2013", 
        "Revenue": 8983185.0931377, 
        "Cost": 1190657.85 
    },
    {
        "Date": "4/15/2013", 
        "Revenue": 8606353.16, 
        "Cost": 1426279.14 
    },
    {
        "Date": "4/16/2013", 
        "Revenue": 3252638.12324153, 
        "Cost": 544959.01 
    },
    {
        "Date": "4/17/2013", 
        "Revenue": 6302404.3, 
        "Cost": 995163.23 
    },
    {
        "Date": "4/18/2013", 
        "Revenue": 3832246.2, 
        "Cost": 630689.84 
    },
    {
        "Date": "4/19/2013", 
        "Revenue": 8505030.1, 
        "Cost": 1576468.15 
    },
    {
        "Date": "4/20/2013", 
        "Revenue": 4208879.76, 
        "Cost": 654846.41 
    },
    {
        "Date": "4/21/2013", 
        "Revenue": 6953501.45, 
        "Cost": 1183061.32 
    },
    {
        "Date": "4/22/2013", 
        "Revenue": 5356407.35, 
        "Cost": 904475.43 
    },
    {
        "Date": "4/23/2013", 
        "Revenue": 7603909.83, 
        "Cost": 1291278.68833333 
    },
    {
        "Date": "4/24/2013", 
        "Revenue": 3695095.68876574, 
        "Cost": 645650.68 
    },
    {
        "Date": "4/25/2013", 
        "Revenue": 4633657.87, 
        "Cost": 632380.08 
    },
    {
        "Date": "4/26/2013", 
        "Revenue": 7048077.03318465, 
        "Cost": 1234468.17 
    },
    {
        "Date": "4/27/2013", 
        "Revenue": 4474284.48, 
        "Cost": 779311.29 
    },
    {
        "Date": "4/28/2013", 
        "Revenue": 6112722.28, 
        "Cost": 1008034.46 
    },
    {
        "Date": "4/29/2013", 
        "Revenue": 5825627.99, 
        "Cost": 892754.53 
    },
    {
        "Date": "4/30/2013", 
        "Revenue": 5590364.05, 
        "Cost": 947617.37 
    },
    {
        "Date": "5/1/2013", 
        "Revenue": 4778844.38185312, 
        "Cost": 770512.86 
    },
    {
        "Date": "5/2/2013", 
        "Revenue": 3878629.51797429, 
        "Cost": 651847.8 
    },
    {
        "Date": "5/3/2013", 
        "Revenue": 3370690.85, 
        "Cost": 571560.37 
    },
    {
        "Date": "5/4/2013", 
        "Revenue": 5519666.97, 
        "Cost": 930462.63 
    },
    {
        "Date": "5/5/2013", 
        "Revenue": 3677929.86, 
        "Cost": 621846.11 
    },
    {
        "Date": "5/6/2013", 
        "Revenue": 8059301.54, 
        "Cost": 1346425.19 
    },
    {
        "Date": "5/7/2013", 
        "Revenue": 4147481.89, 
        "Cost": 719188.03 
    },
    {
        "Date": "5/8/2013", 
        "Revenue": 6452020.553025, 
        "Cost": 904215.36 
    },
    {
        "Date": "5/9/2013", 
        "Revenue": 6003338.92, 
        "Cost": 1037196.06 
    },
    {
        "Date": "5/10/2013", 
        "Revenue": 3960029.9, 
        "Cost": 663162.36 
    },
    {
        "Date": "5/11/2013", 
        "Revenue": 5048354.29, 
        "Cost": 448652.36 
    },
    {
        "Date": "5/12/2013", 
        "Revenue": 6101440.77, 
        "Cost": 952506.13 
    },
    {
        "Date": "5/13/2013", 
        "Revenue": 5659687.2, 
        "Cost": 964631.28 
    },
    {
        "Date": "5/14/2013", 
        "Revenue": 5758373.22968002, 
        "Cost": 859472.18 
    },
    {
        "Date": "5/15/2013", 
        "Revenue": 6369394.66548525, 
        "Cost": 799694.57 
    },
    {
        "Date": "5/16/2013", 
        "Revenue": 4414672.47, 
        "Cost": 751069.9 
    },
    {
        "Date": "5/17/2013", 
        "Revenue": 6202263.56, 
        "Cost": 1012699.35 
    },
    {
        "Date": "5/18/2013", 
        "Revenue": 10445931.36, 
        "Cost": 1834043.2 
    },
    {
        "Date": "5/19/2013", 
        "Revenue": 7847479.25, 
        "Cost": 1341802.05 
    },
    {
        "Date": "5/20/2013", 
        "Revenue": 10469401.1608356, 
        "Cost": 1670427.78 
    },
    {
        "Date": "5/21/2013", 
        "Revenue": 8163544.20920011, 
        "Cost": 1432849.44 
    },
    {
        "Date": "5/22/2013", 
        "Revenue": 7736925.15, 
        "Cost": 1212415.82 
    },
    {
        "Date": "5/23/2013", 
        "Revenue": 11746673.51, 
        "Cost": 1405320.87 
    },
    {
        "Date": "5/24/2013", 
        "Revenue": 6418483.35, 
        "Cost": 999169.52 
    },
    {
        "Date": "5/25/2013", 
        "Revenue": 5606454.86, 
        "Cost": 1569188.34 
    },
    {
        "Date": "5/26/2013", 
        "Revenue": 10343918.9451254, 
        "Cost": 1802834.06 
    },
    {
        "Date": "5/27/2013", 
        "Revenue": 6700927.2477635, 
        "Cost": 1048604.67 
    },
    {
        "Date": "5/28/2013", 
        "Revenue": 5239956.23089146, 
        "Cost": 935140.35 
    },
    {
        "Date": "5/29/2013", 
        "Revenue": 7574721.90974444, 
        "Cost": 1308242.5 
    },
    {
        "Date": "5/30/2013", 
        "Revenue": 5192956.92, 
        "Cost": 961427.09 
    },
    {
        "Date": "5/31/2013", 
        "Revenue": 4283927.82, 
        "Cost": 810235.98 
    },
    {
        "Date": "6/1/2013", 
        "Revenue": 6640835.51, 
        "Cost": 1119765.63 
    },
    {
        "Date": "6/2/2013", 
        "Revenue": 5103715.03, 
        "Cost": 1121362.93 
    },
    {
        "Date": "6/3/2013", 
        "Revenue": 4707732.6983168, 
        "Cost": 556153.12 
    },
    {
        "Date": "6/4/2013", 
        "Revenue": 7500870.4, 
        "Cost": 1207146.15 
    },
    {
        "Date": "6/5/2013", 
        "Revenue": 9751635.8493517, 
        "Cost": 1618429.91 
    },
    {
        "Date": "6/6/2013", 
        "Revenue": 5430524.12, 
        "Cost": 925863.14 
    },
    {
        "Date": "6/7/2013", 
        "Revenue": 10900685.3184015, 
        "Cost": 1924820.63 
    },
    {
        "Date": "6/8/2013", 
        "Revenue": 8275058.10295233, 
        "Cost": 1627386.63 
    },
    {
        "Date": "6/9/2013", 
        "Revenue": 12278103.35, 
        "Cost": 1952635.47 
    },
    {
        "Date": "6/10/2013", 
        "Revenue": 6399091.17, 
        "Cost": 1125174.12 
    },
    {
        "Date": "6/11/2013", 
        "Revenue": 7838825.56, 
        "Cost": 1025701.53 
    },
    {
        "Date": "6/12/2013", 
        "Revenue": 4653949.33997945, 
        "Cost": 796956.82 
    },
    {
        "Date": "6/13/2013", 
        "Revenue": 5706987.64, 
        "Cost": 1047852.91 
    },
    {
        "Date": "6/14/2013", 
        "Revenue": 6825783.3196577, 
        "Cost": 1117306.54 
    },
    {
        "Date": "6/15/2013", 
        "Revenue": 5139028.77, 
        "Cost": 926622.62 
    },
    {
        "Date": "6/16/2013", 
        "Revenue": 6959304.17607165, 
        "Cost": 1178705 
    },
    {
        "Date": "6/17/2013", 
        "Revenue": 3998389.75902199, 
        "Cost": 699278.57 
    },
    {
        "Date": "6/18/2013", 
        "Revenue": 4283396.39293721, 
        "Cost": 677925.83 
    },
    {
        "Date": "6/19/2013", 
        "Revenue": 7592990.45, 
        "Cost": 1291284.75 
    },
    {
        "Date": "6/20/2013", 
        "Revenue": 3617619.97, 
        "Cost": 536461.76 
    },
    {
        "Date": "6/21/2013", 
        "Revenue": 3675695.82, 
        "Cost": 560459.15 
    },
    {
        "Date": "6/22/2013", 
        "Revenue": 3887026.87, 
        "Cost": 681472.38 
    },
    {
        "Date": "6/23/2013", 
        "Revenue": 7680119.17, 
        "Cost": 1270202.8 
    },
    {
        "Date": "6/24/2013", 
        "Revenue": 4065919.53661345, 
        "Cost": 682223.7 
    },
    {
        "Date": "6/25/2013", 
        "Revenue": 7005075.73, 
        "Cost": 1221588.65 
    },
    {
        "Date": "6/26/2013", 
        "Revenue": 4437867.28, 
        "Cost": 644228.2 
    },
    {
        "Date": "6/27/2013", 
        "Revenue": 5664829.25481921, 
        "Cost": 806763.43 
    },
    {
        "Date": "6/28/2013", 
        "Revenue": 4903953.75, 
        "Cost": 727483.04 
    },
    {
        "Date": "6/29/2013", 
        "Revenue": 3149147.69859537, 
        "Cost": 529439.23 
    },
    {
        "Date": "6/30/2013", 
        "Revenue": 2484917.64, 
        "Cost": 359307.38 
    }]
}
